@book{coverElementsInformationTheory2006,
  title = {Elements of Information Theory},
  author = {Cover, Thomas M and Thomas, Joy A},
  year = {2006},
  publisher = {{Wiley}},
  language = {en}
}


@book{sayoodIntroductionDataCompression2012,
  title = {Introduction to Data Compression},
  author = {Sayood, Khalid},
  year = {2012},
  edition = {Fourth},
  publisher = {{Elsevier}},
  doi = {10.1016/B978-0-12-415796-5.00023-5},
  file = {/home/magda/Dropbox/ZoteroFiles/Sayood_2012_Introduction to data compression.pdf},
  isbn = {978-0-12-415796-5},
  keywords = {must read},
  language = {en}
}

@inproceedings{mentzerConditionalProbabilityModels2018,
  title = {Conditional {{Probability Models}} for {{Deep Image Compression}}},
  booktitle = {{{CVPR}}},
  author = {Mentzer, Fabian and Agustsson, Eirikur and Tschannen, Michael and Timofte, Radu and Van Gool, Luc},
  year = {2018},
  archiveprefix = {arXiv},
  eprint = {1801.04260},
  eprinttype = {arxiv},
  file = {/home/magda/Dropbox/ZoteroFiles/Mentzer et al_2019_Conditional Probability Models for Deep Image Compression.pdf;/home/magda/Zotero/storage/D69M94LQ/1801.html},
  keywords = {must read,sota,xxxx}
}

@article{agustssonSofttoHardVectorQuantization2017,
  title = {Soft-to-{{Hard Vector Quantization}} for {{End}}-to-{{End Learning Compressible Representations}}},
  author = {Agustsson, Eirikur and Mentzer, Fabian and Tschannen, Michael and Cavigelli, Lukas and Timofte, Radu and Benini, Luca and Van Gool, Luc},
  year = {2017},
  month = jun,
  archiveprefix = {arXiv},
  eprint = {1704.00648},
  eprinttype = {arxiv},
  file = {/home/magda/Dropbox/ZoteroFiles/Agustsson et al_2017_Soft-to-Hard Vector Quantization for End-to-End Learning Compressible.pdf;/home/magda/Zotero/storage/BRNEBRIT/1704.html},
  journal = {arXiv:1704.00648 [cs]},
  keywords = {must read,sota},
  primaryclass = {cs}
}

@article{habibianVideoCompressionRateDistortion2019,
  title = {Video {{Compression With Rate}}-{{Distortion Autoencoders}}},
  author = {Habibian, Amirhossein and {van Rozendaal}, Ties and Tomczak, Jakub M. and Cohen, Taco S.},
  year = {2019},
  month = oct,
  pages = {7032--7041},
  doi = {10.1109/ICCV.2019.00713},
  archiveprefix = {arXiv},
  eprint = {1908.05717},
  eprinttype = {arxiv},
  file = {/home/magda/Dropbox/ZoteroFiles/Habibian et al_2019_Video Compression With Rate-Distortion Autoencoders.pdf;/home/magda/Zotero/storage/HCPEJZQV/1908.html},
  journal = {2019 IEEE/CVF International Conference on Computer Vision (ICCV)},
  keywords = {compression,dropbox paper notes,must read,sota,VAE,xx}
}

@inproceedings{oordNeuralDiscreteRepresentation2017,
  title = {Neural {{Discrete Representation Learning}}},
  booktitle = {Conference on {{Neural Information Processing Systems}} ({{NIPS}})},
  author = {van den Oord, Aaron and Vinyals, Oriol and Kavukcuoglu, Koray},
  year = {2017},
  archiveprefix = {arXiv},
  eprint = {1711.00937},
  eprinttype = {arxiv},
  file = {/home/magda/Dropbox/ZoteroFiles/Oord et al_2017_Neural Discrete Representation Learning.pdf;/home/magda/Zotero/storage/E2TWE4VA/1711.html},
  keywords = {dropbox paper notes,quantization,use,VAE,xxx}
}

@inproceedings{williamsHierarchicalQuantizedAutoencoders2020,
  ids = {williamsHierarchicalQuantizedAutoencoders2020a},
  title = {Hierarchical {{Quantized Autoencoders}}},
  booktitle = {Advances in {{Neural Information Processing Systems}}},
  author = {Williams, Will and Ringer, Sam and Ash, Tom and Hughes, John and MacLeod, David and Dougherty, Jamie},
  year = {2020},
  archiveprefix = {arXiv},
  eprint = {2002.08111},
  eprinttype = {arxiv},
  file = {/home/magda/Dropbox/ZoteroFiles/Williams et al_2020_Hierarchical Quantized Autoencoders.pdf;/home/magda/Zotero/storage/CIVHPE48/2002.html;/home/magda/Zotero/storage/DQZGWS9E/309fee4e541e51de2e41f21bebb342aa-Abstract.html},
  keywords = {compression,dropbox paper notes,vqvae}
}

@inproceedings{theisLossyImageCompression2017,
  title = {Lossy {{Image Compression}} with {{Compressive Autoencoders}}},
  booktitle = {International {{Conference}} on {{Learning Representations}}},
  author = {Theis, Lucas and Shi, Wenzhe and Cunningham, Andrew and Husz{\'a}r, Ferenc},
  year = {2017},
  archiveprefix = {arXiv},
  eprint = {1703.00395},
  eprinttype = {arxiv},
  file = {/home/magda/Dropbox/ZoteroFiles/Theis et al_2017_Lossy Image Compression with Compressive Autoencoders.pdf;/home/magda/Zotero/storage/T8JM4BNU/1703.html},
  keywords = {done reading}
}

@inproceedings{balleEndtoendOptimizedImage2017,
  title = {End-to-End {{Optimized Image Compression}}},
  booktitle = {International {{Conferenence}} on {{Learning Representations}}},
  author = {Ball{\'e}, Johannes and Laparra, Valero and Simoncelli, Eero P.},
  year = {2017},
  archiveprefix = {arXiv},
  eprint = {1611.01704},
  eprinttype = {arxiv},
  file = {/home/magda/Dropbox/ZoteroFiles/Ball√© et al_2017_End-to-end Optimized Image Compression.pdf;/home/magda/Zotero/storage/KXVP7ZUX/1611.html},
  keywords = {must read}
}


@techreport{krizhevskyLearningMultipleLayers2009,
  title = {Learning {{Multiple Layers}} of {{Features}} from {{Tiny Images}}},
  author = {Krizhevsky, Alex},
  year = {2009},
  institution = {{University of Toronto, CS}}
}




















\newcommand{\gTvt}{\sT_{\varphi, \theta}}


